%YAML 1.1
%TAG !u! tag:unity3d.com,2011:
--- !u!1 &4102354163533500626
GameObject:
  m_ObjectHideFlags: 0
  m_CorrespondingSourceObject: {fileID: 0}
  m_PrefabInstance: {fileID: 0}
  m_PrefabAsset: {fileID: 0}
  serializedVersion: 6
  m_Component:
  - component: {fileID: 8875434146309013516}
  m_Layer: 0
  m_Name: WallPrefab
  m_TagString: Untagged
  m_Icon: {fileID: 0}
  m_NavMeshLayer: 0
  m_StaticEditorFlags: 0
  m_IsActive: 1
--- !u!4 &8875434146309013516
Transform:
  m_ObjectHideFlags: 0
  m_CorrespondingSourceObject: {fileID: 0}
  m_PrefabInstance: {fileID: 0}
  m_PrefabAsset: {fileID: 0}
  m_GameObject: {fileID: 4102354163533500626}
  m_LocalRotation: {x: 0, y: 0, z: 0, w: 1}
  m_LocalPosition: {x: 0, y: 0, z: 0}
  m_LocalScale: {x: 1, y: 1, z: 1}
  m_Children:
  - {fileID: 477140636114011257}
  - {fileID: 1321703797552143555}
  - {fileID: 1738647586241542213}
  m_Father: {fileID: 0}
  m_RootOrder: 0
  m_LocalEulerAnglesHint: {x: 0, y: 0, z: 0}
--- !u!1001 &477140636114127393
PrefabInstance:
  m_ObjectHideFlags: 0
  serializedVersion: 2
  m_Modification:
    m_TransformParent: {fileID: 8875434146309013516}
    m_Modifications:
    - target: {fileID: 151964, guid: 2f2c5d135938f0343be0510916378c61, type: 3}
      propertyPath: m_Name
      value: Corridor_Connector_1A
      objectReference: {fileID: 0}
    - target: {fileID: 413272, guid: 2f2c5d135938f0343be0510916378c61, type: 3}
      propertyPath: m_LocalPosition.x
      value: 0
      objectReference: {fileID: 0}
    - target: {fileID: 413272, guid: 2f2c5d135938f0343be0510916378c61, type: 3}
      propertyPath: m_LocalPosition.y
      value: 1.4
      objectReference: {fileID: 0}
    - target: {fileID: 413272, guid: 2f2c5d135938f0343be0510916378c61, type: 3}
      propertyPath: m_LocalPosition.z
      value: 0
      objectReference: {fileID: 0}
    - target: {fileID: 413272, guid: 2f2c5d135938f0343be0510916378c61, type: 3}
      propertyPath: m_LocalRotation.x
      value: 0
      objectReference: {fileID: 0}
    - target: {fileID: 413272, guid: 2f2c5d135938f0343be0510916378c61, type: 3}
      propertyPath: m_LocalRotation.y
      value: 0
      objectReference: {fileID: 0}
    - target: {fileID: 413272, guid: 2f2c5d135938f0343be0510916378c61, type: 3}
      propertyPath: m_LocalRotation.z
      value: 0
      objectReference: {fileID: 0}
    - target: {fileID: 413272, guid: 2f2c5d135938f0343be0510916378c61, type: 3}
      propertyPath: m_LocalRotation.w
      value: 1
      objectReference: {fileID: 0}
    - target: {fileID: 413272, guid: 2f2c5d135938f0343be0510916378c61, type: 3}
      propertyPath: m_RootOrder
      value: 0
      objectReference: {fileID: 0}
    - target: {fileID: 413272, guid: 2f2c5d135938f0343be0510916378c61, type: 3}
      propertyPath: m_LocalEulerAnglesHint.x
      value: 0
      objectReference: {fileID: 0}
    - target: {fileID: 413272, guid: 2f2c5d135938f0343be0510916378c61, type: 3}
      propertyPath: m_LocalEulerAnglesHint.y
      value: 0
      objectReference: {fileID: 0}
    - target: {fileID: 413272, guid: 2f2c5d135938f0343be0510916378c61, type: 3}
      propertyPath: m_LocalEulerAnglesHint.z
      value: 0
      objectReference: {fileID: 0}
    m_RemovedComponents: []
  m_SourcePrefab: {fileID: 100100000, guid: 2f2c5d135938f0343be0510916378c61, type: 3}
--- !u!4 &477140636114011257 stripped
Transform:
  m_CorrespondingSourceObject: {fileID: 413272, guid: 2f2c5d135938f0343be0510916378c61,
    type: 3}
  m_PrefabInstance: {fileID: 477140636114127393}
  m_PrefabAsset: {fileID: 0}
--- !u!1001 &1321703797552538341
PrefabInstance:
  m_ObjectHideFlags: 0
  serializedVersion: 2
  m_Modification:
    m_TransformParent: {fileID: 8875434146309013516}
    m_Modifications:
    - target: {fileID: 120720, guid: 60f5c85eb76f96246aad42e84f56dbf8, type: 3}
      propertyPath: m_Name
      value: Corridor_Connector_1D_Closed
      objectReference: {fileID: 0}
    - target: {fileID: 409126, guid: 60f5c85eb76f96246aad42e84f56dbf8, type: 3}
      propertyPath: m_LocalPosition.x
      value: -7.4
      objectReference: {fileID: 0}
    - target: {fileID: 409126, guid: 60f5c85eb76f96246aad42e84f56dbf8, type: 3}
      propertyPath: m_LocalPosition.y
      value: 1.4
      objectReference: {fileID: 0}
    - target: {fileID: 409126, guid: 60f5c85eb76f96246aad42e84f56dbf8, type: 3}
      propertyPath: m_LocalPosition.z
      value: 0
      objectReference: {fileID: 0}
    - target: {fileID: 409126, guid: 60f5c85eb76f96246aad42e84f56dbf8, type: 3}
      propertyPath: m_LocalRotation.x
      value: 0
      objectReference: {fileID: 0}
    - target: {fileID: 409126, guid: 60f5c85eb76f96246aad42e84f56dbf8, type: 3}
      propertyPath: m_LocalRotation.y
      value: 0
      objectReference: {fileID: 0}
    - target: {fileID: 409126, guid: 60f5c85eb76f96246aad42e84f56dbf8, type: 3}
      propertyPath: m_LocalRotation.z
      value: 0
      objectReference: {fileID: 0}
    - target: {fileID: 409126, guid: 60f5c85eb76f96246aad42e84f56dbf8, type: 3}
      propertyPath: m_LocalRotation.w
      value: 1
      objectReference: {fileID: 0}
    - target: {fileID: 409126, guid: 60f5c85eb76f96246aad42e84f56dbf8, type: 3}
      propertyPath: m_RootOrder
      value: 1
      objectReference: {fileID: 0}
    - target: {fileID: 409126, guid: 60f5c85eb76f96246aad42e84f56dbf8, type: 3}
      propertyPath: m_LocalEulerAnglesHint.x
      value: 0
      objectReference: {fileID: 0}
    - target: {fileID: 409126, guid: 60f5c85eb76f96246aad42e84f56dbf8, type: 3}
      propertyPath: m_LocalEulerAnglesHint.y
      value: 0
      objectReference: {fileID: 0}
    - target: {fileID: 409126, guid: 60f5c85eb76f96246aad42e84f56dbf8, type: 3}
      propertyPath: m_LocalEulerAnglesHint.z
      value: 0
      objectReference: {fileID: 0}
    m_RemovedComponents: []
  m_SourcePrefab: {fileID: 100100000, guid: 60f5c85eb76f96246aad42e84f56dbf8, type: 3}
--- !u!4 &1321703797552143555 stripped
Transform:
  m_CorrespondingSourceObject: {fileID: 409126, guid: 60f5c85eb76f96246aad42e84f56dbf8,
    type: 3}
  m_PrefabInstance: {fileID: 1321703797552538341}
  m_PrefabAsset: {fileID: 0}
--- !u!1001 &1738647586241398371
PrefabInstance:
  m_ObjectHideFlags: 0
  serializedVersion: 2
  m_Modification:
    m_TransformParent: {fileID: 8875434146309013516}
    m_Modifications:
    - target: {fileID: 120720, guid: 60f5c85eb76f96246aad42e84f56dbf8, type: 3}
      propertyPath: m_Name
      value: Corridor_Connector_1D_Closed (1)
      objectReference: {fileID: 0}
    - target: {fileID: 409126, guid: 60f5c85eb76f96246aad42e84f56dbf8, type: 3}
      propertyPath: m_LocalPosition.x
      value: 7.4
      objectReference: {fileID: 0}
    - target: {fileID: 409126, guid: 60f5c85eb76f96246aad42e84f56dbf8, type: 3}
      propertyPath: m_LocalPosition.y
      value: 1.4
      objectReference: {fileID: 0}
    - target: {fileID: 409126, guid: 60f5c85eb76f96246aad42e84f56dbf8, type: 3}
      propertyPath: m_LocalPosition.z
      value: 0
      objectReference: {fileID: 0}
    - target: {fileID: 409126, guid: 60f5c85eb76f96246aad42e84f56dbf8, type: 3}
      propertyPath: m_LocalRotation.x
      value: 0
      objectReference: {fileID: 0}
    - target: {fileID: 409126, guid: 60f5c85eb76f96246aad42e84f56dbf8, type: 3}
      propertyPath: m_LocalRotation.y
      value: 0
      objectReference: {fileID: 0}
    - target: {fileID: 409126, guid: 60f5c85eb76f96246aad42e84f56dbf8, type: 3}
      propertyPath: m_LocalRotation.z
      value: 0
      objectReference: {fileID: 0}
    - target: {fileID: 409126, guid: 60f5c85eb76f96246aad42e84f56dbf8, type: 3}
      propertyPath: m_LocalRotation.w
      value: 1
      objectReference: {fileID: 0}
    - target: {fileID: 409126, guid: 60f5c85eb76f96246aad42e84f56dbf8, type: 3}
      propertyPath: m_RootOrder
      value: 2
      objectReference: {fileID: 0}
    - target: {fileID: 409126, guid: 60f5c85eb76f96246aad42e84f56dbf8, type: 3}
      propertyPath: m_LocalEulerAnglesHint.x
      value: 0
      objectReference: {fileID: 0}
    - target: {fileID: 409126, guid: 60f5c85eb76f96246aad42e84f56dbf8, type: 3}
      propertyPath: m_LocalEulerAnglesHint.y
      value: 0
      objectReference: {fileID: 0}
    - target: {fileID: 409126, guid: 60f5c85eb76f96246aad42e84f56dbf8, type: 3}
      propertyPath: m_LocalEulerAnglesHint.z
      value: 0
      objectReference: {fileID: 0}
    m_RemovedComponents: []
  m_SourcePrefab: {fileID: 100100000, guid: 60f5c85eb76f96246aad42e84f56dbf8, type: 3}
--- !u!4 &1738647586241542213 stripped
Transform:
  m_CorrespondingSourceObject: {fileID: 409126, guid: 60f5c85eb76f96246aad42e84f56dbf8,
    type: 3}
  m_PrefabInstance: {fileID: 1738647586241398371}
  m_PrefabAsset: {fileID: 0}
